{
  "leader": "01810cam a2200433Ia 4500",
  "fields": [
    {
      "001": "on1328062921"
    },
    {
      "003": "OCoLC"
    },
    {
      "005": "20221207164401.0"
    },
    {
      "008": "940607s1992\\\\\\\\xx\\\\\\\\\\erbm\\\\\\000\\0\\eng\\d"
    },
    {
      "040": {
        "ind1": "\\",
        "ind2": "\\",
        "subfields": [
          {
            "a": "VAK"
          },
          {
            "b": "eng"
          },
          {
            "c": "VAK"
          },
          {
            "d": "OCLCF"
          }
        ]
      }
    },
    {
      "035": {
        "ind1": "\\",
        "ind2": "\\",
        "subfields": [
          {
            "a": "(OCoLC)1328062921"
          }
        ]
      }
    },
    {
      "043": {
        "ind1": "\\",
        "ind2": "\\",
        "subfields": [
          {
            "a": "n-us-va"
          }
        ]
      }
    },
    {
      "050": {
        "ind1": "\\",
        "ind2": "4",
        "subfields": [
          {
            "a": "F234.W7"
          },
          {
            "b": "G74 1992"
          }
        ]
      }
    },
    {
      "082": {
        "ind1": "0",
        "ind2": "4",
        "subfields": [
          {
            "a": "975.54252"
          },
          {
            "b": "GRE"
          }
        ]
      }
    },
    {
      "092": {
        "ind1": "\\",
        "ind2": "\\",
        "subfields": [
          {
            "a": "975.54252"
          },
          {
            "b": "GRE"
          }
        ]
      }
    },
    {
      "100": {
        "ind1": "1",
        "ind2": "\\",
        "subfields": [
          {
            "a": "Greenspan, Anders."
          }
        ]
      }
    },
    {
      "245": {
        "ind1": "1",
        "ind2": "2",
        "subfields": [
          {
            "a": "A shrine to the American faith :"
          },
          {
            "b": "Americanism and the restoration of colonial Williamsburg 1926-1960 /"
          },
          {
            "c": "Anders Greenspan."
          }
        ]
      }
    },
    {
      "264": {
        "ind1": "\\",
        "ind2": "1",
        "subfields": [
          {
            "a": "[Place of publication not identified] :"
          },
          {
            "b": "[publisher not identified],"
          },
          {
            "c": "1992."
          }
        ]
      }
    },
    {
      "300": {
        "ind1": "\\",
        "ind2": "\\",
        "subfields": [
          {
            "a": "v, 223 pages :"
          },
          {
            "c": "22 cm"
          }
        ]
      }
    },
    {
      "336": {
        "ind1": "\\",
        "ind2": "\\",
        "subfields": [
          {
            "a": "text"
          },
          {
            "b": "txt"
          },
          {
            "2": "rdacontent"
          }
        ]
      }
    },
    {
      "337": {
        "ind1": "\\",
        "ind2": "\\",
        "subfields": [
          {
            "a": "unmediated"
          },
          {
            "b": "n"
          },
          {
            "2": "rdamedia"
          }
        ]
      }
    },
    {
      "338": {
        "ind1": "\\",
        "ind2": "\\",
        "subfields": [
          {
            "a": "volume"
          },
          {
            "b": "nc"
          },
          {
            "2": "rdacarrier"
          }
        ]
      }
    },
    {
      "500": {
        "ind1": "\\",
        "ind2": "\\",
        "subfields": [
          {
            "a": "Vita."
          }
        ]
      }
    },
    {
      "502": {
        "ind1": "\\",
        "ind2": "\\",
        "subfields": [
          {
            "b": "Ph. D."
          },
          {
            "c": "Indiana University"
          },
          {
            "d": "1992."
          }
        ]
      }
    },
    {
      "504": {
        "ind1": "\\",
        "ind2": "\\",
        "subfields": [
          {
            "a": "Includes bibliographical references (leaves 209-222)."
          }
        ]
      }
    },
    {
      "533": {
        "ind1": "\\",
        "ind2": "\\",
        "subfields": [
          {
            "a": "Photocopy."
          },
          {
            "b": "Ann Arbor, Mich. :"
          },
          {
            "c": "UMI Dissertation Services,"
          },
          {
            "d": "1993."
          },
          {
            "e": "22 cm."
          }
        ]
      }
    },
    {
      "600": {
        "ind1": "1",
        "ind2": "0",
        "subfields": [
          {
            "a": "Rockefeller, John D.,"
          },
          {
            "c": "Jr."
          },
          {
            "q": "(John Davison),"
          },
          {
            "d": "1874-1960."
          }
        ]
      }
    },
    {
      "650": {
        "ind1": "\\",
        "ind2": "0",
        "subfields": [
          {
            "a": "Historic sites"
          },
          {
            "z": "Virginia"
          },
          {
            "z": "Williamsburg"
          },
          {
            "x": "Conservation and restoration."
          }
        ]
      }
    },
    {
      "650": {
        "ind1": "\\",
        "ind2": "0",
        "subfields": [
          {
            "a": "Historic preservation"
          },
          {
            "z": "Virginia"
          },
          {
            "z": "Williamsburg."
          }
        ]
      }
    },
    {
      "650": {
        "ind1": "\\",
        "ind2": "0",
        "subfields": [
          {
            "a": "National characteristics, American."
          }
        ]
      }
    },
    {
      "651": {
        "ind1": "\\",
        "ind2": "0",
        "subfields": [
          {
            "a": "Williamsburg (Va.)"
          }
        ]
      }
    },
    {
      "600": {
        "ind1": "1",
        "ind2": "7",
        "subfields": [
          {
            "a": "Rockefeller, John D.,"
          },
          {
            "c": "Jr."
          },
          {
            "q": "(John Davison),"
          },
          {
            "d": "1874-1960."
          },
          {
            "2": "fast"
          },
          {
            "0": "(OCoLC)fst01844404"
          }
        ]
      }
    },
    {
      "650": {
        "ind1": "\\",
        "ind2": "7",
        "subfields": [
          {
            "a": "Historic preservation."
          },
          {
            "2": "fast"
          },
          {
            "0": "(OCoLC)fst00957821"
          }
        ]
      }
    },
    {
      "650": {
        "ind1": "\\",
        "ind2": "7",
        "subfields": [
          {
            "a": "Historic sites"
          },
          {
            "x": "Conservation and restoration."
          },
          {
            "2": "fast"
          },
          {
            "0": "(OCoLC)fst00957852"
          }
        ]
      }
    },
    {
      "650": {
        "ind1": "\\",
        "ind2": "7",
        "subfields": [
          {
            "a": "National characteristics, American."
          },
          {
            "2": "fast"
          },
          {
            "0": "(OCoLC)fst01033342"
          }
        ]
      }
    },
    {
      "651": {
        "ind1": "\\",
        "ind2": "7",
        "subfields": [
          {
            "a": "Virginia"
          },
          {
            "z": "Williamsburg."
          },
          {
            "2": "fast"
          },
          {
            "0": "(OCoLC)fst01205036"
          }
        ]
      }
    },
    {
      "994": {
        "ind1": "\\",
        "ind2": "\\",
        "subfields": [
          {
            "a": "Z0"
          },
          {
            "b": "NYRVC"
          }
        ]
      }
    },
    {
      "948": {
        "ind1": "\\",
        "ind2": "\\",
        "subfields": [
          {
            "h": "NO HOLDINGS IN NYRVC - 1 OTHER HOLDINGS"
          }
        ]
      }
    },
    {
      "999": {
        "ind1": "\\",
        "ind2": "\\",
        "subfields": [
          {
            "a": "00000000017893"
          }
        ]
      }
    }
  ]
}